<?xml version="1.0" encoding="UTF-8"?>
<record>
	<leader>     cam0 22        450 </leader>
	<controlfield tag="001">088884074</controlfield>
	<controlfield tag="002">87</controlfield>
	<controlfield tag="003">http://www.sudoc.fr/088884074</controlfield>
	<controlfield tag="004">20050808</controlfield>
	<controlfield tag="005">20190410070109.000</controlfield>
	<controlfield tag="006">751052119</controlfield>
	<controlfield tag="007">1999</controlfield>
	<controlfield tag="008">Aax3</controlfield>
	<datafield tag="035" ind1=" " ind2=" ">
		<subfield code="a">(OCoLC)493207367</subfield>
	</datafield>
	<datafield tag="100" ind1=" " ind2=" ">
		<subfield code="a">20050808d2004    k  y0frey50      ba</subfield>
	</datafield>
	<datafield tag="101" ind1="0" ind2=" ">
		<subfield code="a">fre</subfield>
		<subfield code="d">fre</subfield>
	</datafield>
	<datafield tag="102" ind1=" " ind2=" ">
		<subfield code="a">FR</subfield>
	</datafield>
	<datafield tag="105" ind1=" " ind2=" ">
		<subfield code="a">y   m   001yy</subfield>
	</datafield>
	<datafield tag="181" ind1=" " ind2=" ">
		<subfield code="6">z01</subfield>
		<subfield code="c">txt</subfield>
		<subfield code="2">rdacontent</subfield>
	</datafield>
	<datafield tag="181" ind1=" " ind2="1">
		<subfield code="6">z01</subfield>
		<subfield code="a">i#</subfield>
		<subfield code="b">xxxe##</subfield>
	</datafield>
	<datafield tag="182" ind1=" " ind2=" ">
		<subfield code="6">z01</subfield>
		<subfield code="c">n</subfield>
		<subfield code="2">rdamedia</subfield>
	</datafield>
	<datafield tag="182" ind1=" " ind2="1">
		<subfield code="6">z01</subfield>
		<subfield code="a">n</subfield>
	</datafield>
	<datafield tag="200" ind1="1" ind2=" ">
		<subfield code="a">L&apos;adhésion de la Hongrie à l&apos;Union européenne</subfield>
		<subfield code="e">les réformes politiques et économiques</subfield>
		<subfield code="f">Angéla Hajduk</subfield>
		<subfield code="g">sous la direction de Jean Klein</subfield>
	</datafield>
	<datafield tag="210" ind1=" " ind2=" ">
		<subfield code="a">[S.l.]</subfield>
		<subfield code="c">[s.n.]</subfield>
		<subfield code="d">2004</subfield>
	</datafield>
	<datafield tag="215" ind1=" " ind2=" ">
		<subfield code="a">1 vol. (73 p.)</subfield>
		<subfield code="d">30 cm</subfield>
	</datafield>
	<datafield tag="320" ind1=" " ind2=" ">
		<subfield code="a">Bibliogr. p. 65-71</subfield>
	</datafield>
	<datafield tag="328" ind1=" " ind2="0">
		<subfield code="b">Mémoire DEA</subfield>
		<subfield code="c">Relations internationales</subfield>
		<subfield code="e">Paris 1</subfield>
		<subfield code="d">2004</subfield>
	</datafield>
	<datafield tag="686" ind1=" " ind2=" ">
		<subfield code="a">700</subfield>
		<subfield code="2">TEF</subfield>
	</datafield>
	<datafield tag="700" ind1=" " ind2="1">
		<subfield code="3">088884090</subfield>
		<subfield code="a">Hajduk</subfield>
		<subfield code="b">Angéla</subfield>
		<subfield code="4">070</subfield>
	</datafield>
	<datafield tag="702" ind1=" " ind2="1">
		<subfield code="3">026950650</subfield>
		<subfield code="a">Klein</subfield>
		<subfield code="b">Jean</subfield>
		<subfield code="f">1940-....</subfield>
		<subfield code="4">727</subfield>
	</datafield>
	<datafield tag="711" ind1="0" ind2="2">
		<subfield code="3">027361802</subfield>
		<subfield code="a">Université Panthéon-Sorbonne</subfield>
		<subfield code="c">Paris</subfield>
		<subfield code="4">295</subfield>
	</datafield>
	<datafield tag="801" ind1=" " ind2="3">
		<subfield code="a">FR</subfield>
		<subfield code="b">Abes</subfield>
		<subfield code="c">20190410</subfield>
		<subfield code="g">AFNOR</subfield>
	</datafield>
	<datafield tag="915" ind1=" " ind2=" ">
		<subfield code="5">751052119:237716038</subfield>
		<subfield code="b">0605852840</subfield>
	</datafield>
	<datafield tag="930" ind1=" " ind2=" ">
		<subfield code="5">751052119:237716038</subfield>
		<subfield code="b">751052119</subfield>
		<subfield code="a">S/24.421 2004-551</subfield>
		<subfield code="j">b</subfield>
	</datafield>
	<datafield tag="940" ind1=" " ind2=" ">
		<subfield code="5">751052119:237716038</subfield>
		<subfield code="a">20050808</subfield>
		<subfield code="b">x</subfield>
	</datafield>
	<datafield tag="941" ind1=" " ind2=" ">
		<subfield code="5">751052119:237716038</subfield>
		<subfield code="a">20050808</subfield>
		<subfield code="b">09:04:26.000</subfield>
	</datafield>
</record>